<record><leader>00000cas a2200000 a 4500</leader><controlfield tag="001">32574652</controlfield><controlfield tag="008">950531d18921919vauwr ne      0   a0eng  </controlfield><datafield ind1=" " ind2=" " tag="010"><subfield code="a">sn 95079154 </subfield></datafield><datafield ind1=" " ind2=" " tag="040"><subfield code="a">NVK</subfield><subfield code="b">eng</subfield><subfield code="c">NVK</subfield><subfield code="d">DLC</subfield><subfield code="d">NVK</subfield><subfield code="d">OCLCQ</subfield><subfield code="d">OCLCF</subfield></datafield><datafield ind1="0" ind2=" " tag="022"><subfield code="a">2157-7994</subfield><subfield code="2">1</subfield></datafield><datafield ind1="1" ind2=" " tag="029"><subfield code="a">AU@</subfield><subfield code="b">000011738130</subfield></datafield><datafield ind1=" " ind2=" " tag="042"><subfield code="a">pcc</subfield><subfield code="a">nsdp</subfield></datafield><datafield ind1=" " ind2=" " tag="043"><subfield code="a">n-us-va</subfield></datafield><datafield ind1="0" ind2="0" tag="050"><subfield code="a">Newspaper</subfield></datafield><datafield ind1="1" ind2="0" tag="082"><subfield code="a">071</subfield><subfield code="2">14</subfield></datafield><datafield ind1="0" ind2=" " tag="130"><subfield code="a">Tazewell Republican (Tazewell, Va.)</subfield></datafield><datafield ind1=" " ind2="0" tag="222"><subfield code="a">Tazewell Republican</subfield><subfield code="b">(Tazewell, Va.)</subfield></datafield><datafield ind1="1" ind2="0" tag="245"><subfield code="a">Tazewell Republican.</subfield></datafield><datafield ind1=" " ind2=" " tag="260"><subfield code="a">Tazewell, Va. :</subfield><subfield code="b">W.C. Pendleton</subfield></datafield><datafield ind1=" " ind2=" " tag="300"><subfield code="a">v.</subfield></datafield><datafield ind1=" " ind2=" " tag="310"><subfield code="a">Weekly(except Christmas)</subfield></datafield><datafield ind1="1" ind2=" " tag="362"><subfield code="a">Began in 1892; ceased in 1919.</subfield><subfield code="z">Cf. Cappon, L.J. Va. Newspapers.</subfield></datafield><datafield ind1=" " ind2=" " tag="530"><subfield code="a">Archived issues are available in digital format as part of the Library of Congress Chronicling America online collection.</subfield></datafield><datafield ind1=" " ind2=" " tag="588"><subfield code="a">Description based on: Vol. 5, no. 40 (Oct. 1, 1896).</subfield></datafield><datafield ind1=" " ind2=" " tag="588"><subfield code="a">Latest issue consulted: Vol. 21, no. 51 (Dec. 19, 1912).</subfield></datafield><datafield ind1=" " ind2="0" tag="651"><subfield code="a">Tazewell (Va.)</subfield><subfield code="v">Newspapers.</subfield></datafield><datafield ind1=" " ind2="7" tag="655"><subfield code="a">Newspapers.</subfield><subfield code="2">fast</subfield><subfield code="0">(OCoLC)fst01423814</subfield></datafield><datafield ind1=" " ind2="7" tag="651"><subfield code="a">Virginia</subfield><subfield code="z">Tazewell.</subfield><subfield code="2">fast</subfield><subfield code="0">(OCoLC)fst01224805</subfield></datafield><datafield ind1=" " ind2=" " tag="752"><subfield code="a">United States</subfield><subfield code="b">Virginia</subfield><subfield code="c">Tazewell</subfield><subfield code="d">Tazewell.</subfield></datafield><datafield ind1="0" ind2=" " tag="775"><subfield code="t">Daily Republican (Tazewell, Va.)</subfield><subfield code="w">(DLC)sn 99066746</subfield><subfield code="w">(OCoLC)40991182</subfield></datafield><datafield ind1="1" ind2=" " tag="776"><subfield code="t">Tazewell Republican (Tazewell, Va. : Online)</subfield><subfield code="x">2169-5415</subfield><subfield code="w">(DLC)  2012203861</subfield><subfield code="w">(OCoLC)701515023</subfield></datafield><datafield ind1="4" ind2="1" tag="856"><subfield code="u">http://www.loc.gov/chroniclingamerica/lccn/sn95079154/issues</subfield></datafield><datafield ind1="4" ind2="1" tag="856"><subfield code="u">http://virginiachronicle.com/</subfield></datafield></record>